@inproceedings {flowtune,
author = {Jonathan Perry and Hari Balakrishnan and Devavrat Shah},
title = {Flowtune: Flowlet Control for Datacenter Networks},
booktitle = {NSDI 2017},
}

@inproceedings{DIBS,
 author = {Zarifis, Kyriakos and Miao, Rui and Calder, Matt and Katz-Bassett, Ethan and Yu, Minlan and Padhye, Jitendra},
 title = {DIBS: Just-in-time Congestion Mitigation for Data Centers},
 booktitle = {EuroSys 2014},
}

@inproceedings{PERC,
 author = {Jose, Lavanya and Yan, Lisa and Alizadeh, Mohammad and Varghese, George and McKeown, Nick and Katti, Sachin},
 title = {High Speed Networks Need Proactive Congestion Control},
 booktitle = {HotNets 2015},
}

@manual{pfc,
 title = {IEEE DCB. 802.1Qbb - Priority-based Flow Control},
  note = {\url{http://www.ieee802.org/1/pages/802.1bb.html}},
}

@inproceedings{rmda_deadlock,
 author = {Hu, Shuihai and Zhu, Yibo and Cheng, Peng and Guo, Chuanxiong and Tan, Kun and Padhye, Jitendra and Chen, Kai},
 title = {Deadlocks in Datacenter Networks: Why Do They Form, and How to Avoid Them},
 booktitle = {HotNets 2016},
}

@inproceedings{phost,
 author = {Gao, Peter X. and \etal},
 title = {pHost: Distributed Near-optimal Datacenter Transport over Commodity Network Fabric},
 booktitle = {CoNEXT 2015},
}

@inproceedings{dx,
 author = {Lee, Changhyun and Park, Chunjong and Jang, Keon and Moon, Sue and Han, Dongsu},
 title = {Accurate Latency-based Congestion Feedback for Datacenters},
 booktitle = {ATC 2015},
}

@article{dt,
 author = {Choudhury, Abhijit K. and Hahne, Ellen L.},
 title = {Dynamic Queue Length Thresholds for Shared-memory Packet Switches},
 journal = {IEEE/ACM Trans. Netw.},
 volume = {6},
 number = {2},
 month = apr,
 year = {1998},
 issn = {1063-6692},
 pages = {130--140},
 numpages = {11},
 acmid = {274749},
}

@misc{facebook-nextgen,
 title = {Introducing data center fabric, the next-generation Facebook data center network},
 %howpublished = "\url{https://code.facebook.com/posts/360346274145943/introducing-data-center-fabric-the-next-generation-facebook-data-center-network/}",
}

@inproceedings{ecn_or_delay,
 author = {Zhu, Yibo and Ghobadi, Monia and Misra, Vishal and Padhye, Jitendra},
 title = {ECN or Delay: Lessons Learnt from Analysis of DCQCN and TIMELY},
 booktitle = {CoNEXT 2016},
}

@article{the_tail_at_scale,
 author = {Dean, Jeffrey and Barroso, Luiz Andr{\'e}},
 title = {The Tail at Scale},
 journal = {Commun. ACM},
 issue_date = {February 2013},
 volume = {56},
 number = {2},
 month = feb,
 year = {2013},
 issn = {0001-0782},
 pages = {74--80},
 numpages = {7},
 url = {http://doi.acm.org/10.1145/2408776.2408794},
 doi = {10.1145/2408776.2408794},
 acmid = {2408794},
 publisher = {ACM},
 address = {New York, NY, USA},
}


@inproceedings{vcc,
 author = {Cronkite-Ratcliff, Bryce and Bergman, Aran and Vargaftik, Shay and Ravi, Madhusudhan and McKeown, Nick and Abraham, Ittai and Keslassy, Isaac},
 title = {Virtualized Congestion Control},
 booktitle = {SIGCOMM 2016},
}

@inproceedings{acdc,
 author = {He, Keqiang and Rozner, Eric and Agarwal, Kanak and Gu, Yu (Jason) and Felter, Wes and Carter, John and Akella, Aditya},
 title = {AC/DC TCP: Virtual Congestion Control Enforcement for Datacenter Networks},
 booktitle = {SIGCOMM 2016},
}

@misc{cisco_ecn,
 title = {Cisco Nexus 3000 Series NX-OS QoS Configuration Guide, Release 7.x},
 howpublished = "\url{http://www.cisco.com/c/en/us/td/docs/switches/datacenter/nexus3000/sw/qos/7x/b_3k_QoS_Config_7x/b_3k_QoS_Config_7x_chapter_010.html}",
}

@manual{arista_ecn,
 title = {User Manual of Arista EOS version 4.15.0F},
 note = {\url{https://www.arista.com/assets/data/docs/Manuals/EOS-4.15.0F-Manual.pdf}},
}

@manual{tomahawk_buffer1,
  title = {Arista 7060CX-32 and 7260CX-64},
  note = {\url{https://people.ucsc.edu/~warner/Bufs/7060CX.html}}
}

@manual{tomahawk_buffer2,
  title = {Broadcom Tomahawk},
  note = {\url{https://people.ucsc.edu/~warner/Bufs/tomahawk}}
}

@inproceedings{duet,
 author = {Gandhi, Rohan and Liu, Hongqiang Harry and Hu, Y. Charlie and Lu, Guohan and Padhye, Jitendra and Yuan, Lihua and Zhang, Ming},
 title = {Duet: Cloud Scale Load Balancing with Hardware and Software},
 booktitle = {SIGCOMM 2014},
}

@inproceedings{ananta,
 author = {Patel, Parveen and Bansal, Deepak and Yuan, Lihua and Murthy, Ashwin and Greenberg, Albert and Maltz, David A. and Kern, Randy and Kumar, Hemant and Zikos, Marios and Wu, Hongyu and Kim, Changhoon and Karri, Naveen},
 title = {Ananta: Cloud Scale Load Balancing},
 booktitle = {SIGCOMM 2013},
}

@inproceedings{rdma_scale,
 author = {Guo, Chuanxiong and Wu, Haitao and Deng, Zhong and Soni, Gaurav and Ye, Jianxi and Padhye, Jitu and Lipshteyn, Marina},
 title = {RDMA over Commodity Ethernet at Scale},
 booktitle = {SIGCOMM 2016},
}

@inproceedings{sizing,
 title = {Sizing Router Buffers},
 author = {Appenzeller, Guido and Keslassy, Isaac and McKeown, Nick},
 booktitle = {SIGCOMM 2004},
}


@misc{broadcom-tomahawk,
 title = {High-Density 25/100 Gigabit Ethernet StrataXGS Tomahawk Ethernet Switch Series},
 howpublished = "\url{https://www.broadcom.com/products/ethernet-connectivity/switch-fabric/bcm56960}",
}

@misc{broadcom-trident2-56850,
 title = {High-Capacity StrataXGS? Trident II Ethernet Switch Series},
 howpublished = "\url{https://www.broadcom.com/products/ethernet-connectivity/switch-fabric/bcm56850}",
}

@misc{traffic-generator,
 title = {{HKUST-SING Traffic Generator}},
 howpublished = "\url{https://github.com/HKUST-SING/TrafficGenerator}",
}

@misc{pisa,
 title = {{Protocol-independent switch architecture}},
 howpublished = "\url{http://schd.ws/hosted_files/p4workshop2015/c9/NickM-P4-Workshop-June-04-2015.pdf}",
}

@inproceedings {domino,
  title={Packet Transactions: High-level Programming for Line-Rate Switches},
  author={Sivaraman, Anirudh and Cheung, Alvin and Budiu, Mihai and Kim, Changhoon and Alizadeh, Mohammad and Balakrishnan, Hari and Varghese, George and McKeown, Nick and Licking, Steve},
  booktitle = {SIGCOMM 2016},
}

@misc{p4_model,
 title = {{P4 Behavior Model}},
 howpublished = "\url{https://github.com/p4lang/behavioral-model/blob/master/targets/simple_switch/tests/testdata/queueing.p4}",
}

@inproceedings {ups,
  author = {Radhika Mittal and Rachit Agarwal and Sylvia Ratnasamy and Scott Shenker},
  title = {Universal Packet Scheduling},
  booktitle = {NSDI 2016},
}

@inproceedings{compound,
  title={A compound TCP approach for high-speed and long distance networks},
  author={Tan, Kun and Song, Jingmin and Zhang, Qian and Sridharan, Murari},
  booktitle={INFOCOM 2006},
}

@inproceedings{fastlane,
 author = {Zats, David and Iyer, Anand Padmanabha and Ananthanarayanan, Ganesh and Agarwal, Rachit and Katz, Randy and Stoica, Ion and Vahdat, Amin},
 title = {FastLane: Making Short Flows Shorter with Agile Drop Notification},
 booktitle = {SOCC 2015},
}

@inproceedings{rmt,
 author = {Bosshart, Pat and Gibb, Glen and Kim, Hun-Seok and Varghese, George and McKeown, Nick and Izzard, Martin and Mujica, Fernando and Horowitz, Mark},
 title = {Forwarding Metamorphosis: Fast Programmable Match-action Processing in Hardware for SDN},
 booktitle = {SIGCOMM 2013},
}

@article{p4,
 author = {Bosshart, Pat and Daly, Dan and Gibb, Glen and Izzard, Martin and McKeown, Nick and Rexford, Jennifer and Schlesinger, Cole and Talayco, Dan and Vahdat, Amin and Varghese, George and Walker, David},
 title = {P4: Programming Protocol-independent Packet Processors},
 journal = {SIGCOMM Comput. Commun. Rev.},
 year = {2014},
}

@inproceedings {morgan-dctcp,
 author = {Glenn Judd},
 title = {Attaining the Promise and Avoiding the Pitfalls of TCP in the Datacenter},
 booktitle = {NSDI 2015},
}

@misc{arista-7050qx-32,
 title = {{Arista 7050QX-32}},
 howpublished = "\url{https://www.arista.com/assets/data/pdf/Datasheets/7050QX-32_Datasheet.pdf}",
}

@misc{cisco-wred-ecn,
 title = {WRED Explicit Congestion Notification on Cisco switches},
 howpublished = "\url{http://www.cisco.com/c/en/us/td/docs/ios-xml/ios/qos_conavd/configuration/xe-3s/asr1000/qos-conavd-xe-3s-asr1000-book/qos-conavd-wred-ecn.pdf}",
}

@misc{dctcp-windows2012,
 title = {DCTCP in Windows Server 2012},
 howpublished = "\url{http://technet.microsoft.com/en-us/library/hh997028.aspx}",
}

@inproceedings{pingmesh,
 author = {Guo, Chuanxiong and \etal},
 title = {Pingmesh: A Large-Scale System for Data Center Network Latency Measurement and Analysis},
 booktitle = {SIGCOMM 2015},
}

@inproceedings{timely,
 author = {Mittal, Radhika and \etal},
 title = {TIMELY: RTT-based Congestion Control for the Datacenter},
 booktitle = {SIGCOMM 2015},
}

@inproceedings{pifo,
 author = {Sivaraman, Anirudh and Subramanian, Suvinay and Agrawal, Anurag and Chole, Sharad and Chuang, Shang-Tse and Edsall, Tom and Alizadeh, Mohammad and Katti, Sachin and McKeown, Nick and Balakrishnan, Hari},
 title = {Programmable Packet Scheduling},
 booktitle = {SIGCOMM 2016}
}

@article{codel,
  title={Controlling queue delay},
  author={Nichols, Kathleen and Jacobson, Van},
  journal={Communications of the ACM},
  volume={55},
  number={7},
  pages={42--50},
  year={2012},
  publisher={ACM}
}

@inproceedings{pie,
  title={PIE: A lightweight control scheme to address the bufferbloat problem},
  author={Pan, Rong and Natarajan, Prem and Piglione, Chiara and Prabhu, Mythili Suryanarayana and Subramanian, Venkatachalam and Baker, Fred and VerSteeg, Bill},
  booktitle={HPSR 2013}
}

@inproceedings{mqecn,
  title={Enabling ECN in Multi-Service Multi-Queue Data Centers},
  author={Bai, Wei and Chen, Li and Chen, Kai and Wu, Haitao},
  booktitle={NSDI 2016}
}

@misc{bcm56850,
 title = {{Broadcom BCM56850}},
 howpublished = "\url{https://www.broadcom.com/collateral/pb/56850-PB03-R.pdf}",
}

@inproceedings{facebook,
 author = {Roy, Arjun and Zeng, Hongyi and Bagga, Jasmeet and Porter, George and Snoeren, Alex C.},
 title = {Inside the Social Network's (Datacenter) Network},
 booktitle = {SIGCOMM 2015},
}


@inproceedings{jupiter,
  title={Jupiter Rising: A Decade of Clos Topologies and Centralized Control in Google's Datacenter Network},
  author={Singh, Arjun and Ong, Joon and Agarwal, Amit and Anderson, Glen and Armistead, Ashby and Bannon, Roy and Boving, Seb and Desai, Gaurav and Felderman, Bob and Germano, Paulie and others},
  booktitle={SIGCOMM 2015},
}

@inproceedings{dcqcn,
  title={Congestion Control for Large-Scale RDMA Deployments},
  author={Zhu, Yibo and Eran, Haggai and Firestone, Daniel and Guo, Chuanxiong and Lipshteyn, Marina and Liron, Yehonatan and Padhye, Jitendra and Raindel, Shachar and Yahia, Mohamad Haj and Zhang, Ming},
  booktitle={SIGCOMM 2015},
}

@article{diffserv,
  title={RFC 2475: An architecture for differentiated services},
  author={Black, D and Carlson, M and Davies, E and Wang, Z and Weiss, W},
  journal={Internet Engineering Task Force},
  year={1998}
}

@inproceedings{wf2q,
  title={WF2Q: worst-case fair weighted fair queueing},
  author={Bennett, Jon CR and Zhang, Hui},
  booktitle={INFOCOM'96. Fifteenth Annual Joint Conference of the IEEE Computer Societies. Networking the Next Generation. Proceedings IEEE},
  volume={1},
  pages={120--128},
  year={1996},
  organization={IEEE}
}

@inproceedings{wfq,
  title={Analysis and simulation of a fair queueing algorithm},
  author={Demers, Alan and Keshav, Srinivasan and Shenker, Scott},
  booktitle={ACM SIGCOMM Computer Communication Review},
  volume={19},
  number={4},
  pages={1--12},
  year={1989},
  organization={ACM}
}


@article{rr,
author={Nagle, J.},
journal={IEEE Transactions on Communications},
title={On Packet Switches with Infinite Storage},
year={1987},
volume={35},
number={4},
pages={435-438},
month={Apr},}


@article{drr,
  title={Efficient fair queuing using deficit round-robin},
  author={Shreedhar, Madhavapeddi and Varghese, George},
  journal={Networking, IEEE/ACM Transactions on},
  volume={4},
  number={3},
  pages={375--385},
  year={1996},
  publisher={IEEE}
}

@article{gps,
  title={A generalized processor sharing approach to flow control in integrated services networks: the single-node case},
  author={Parekh, Abhay K and Gallager, Robert G},
  journal={IEEE/ACM Transactions on Networking (ToN)},
  volume={1},
  number={3},
  pages={344--357},
  year={1993}
}

@article{csfq,
  title={Core-stateless fair queueing: a scalable architecture to approximate fair bandwidth allocations in high-speed networks},
  author={Stoica, Ion and Shenker, Scott and Zhang, Hui},
  journal={IEEE/ACM Transactions on Networking (TON)},
  volume={11},
  number={1},
  pages={33--46},
  year={2003}
}

@article{afd,
  title={Approximate fairness through differential dropping},
  author={Pan, Rong and Breslau, Lee and Prabhakar, Balaji and Shenker, Scott},
  journal={ACM SIGCOMM Computer Communication Review},
  volume={33},
  number={2},
  pages={23--39},
  year={2003}
}

@inproceedings {dctcp-production,
author = {Glenn Judd},
title = {Attaining the Promise and Avoiding the Pitfalls of TCP in the Datacenter},
booktitle = {NSDI 2015},
}

@inproceedings {qjump,
 author = {Matthew P. Grosvenor and Malte Schwarzkopf and Ionel Gog and Robert N. M. Watson and Andrew W. Moore and Steven Hand and Jon Crowcroft},
 title = {Queues Don{\textquoteright}t Matter When You Can JUMP Them!},
 booktitle = {NSDI 2015},
}

@inproceedings{pias,
  title={Information-Agnostic Flow Scheduling for Commodity Data Centers},
  author={Bai, Wei and Chen, Li and Chen, Kai and Han, Dongsu and Tian, Chen and Wang, Hao},
  booktitle={NSDI 2015},
}

@article{drr,
  title={Efficient fair queuing using deficit round-robin},
  author={Shreedhar, Madhavapeddi and Varghese, George},
  journal={Networking, IEEE/ACM Transactions on},
  volume={4},
  number={3},
  pages={375--385},
  year={1996},
  publisher={IEEE}
}

@inproceedings{dctcp-analysis,
  title={Analysis of DCTCP: stability, convergence, and fairness},
  author={Alizadeh, Mohammad and Javanmard, Adel and Prabhakar, Balaji},
  booktitle={SIGMETRICS 2011},
}

@inproceedings{ictcp,
 author = {Wu, Haitao and Feng, Zhenqian and Guo, Chuanxiong and Zhang, Yongguang},
 title = {ICTCP: Incast Congestion Control for TCP in data center networks},
 booktitle = {CoNEXT 2010},
}

@inproceedings{scheduling2007,
 author = {Ernst W. Biersack and Bianca Schroeder and Guillaume Urvoy-Keller},
 title = {Scheduling in practice},
 booktitle = {ACM SIGMETRICS Performance Evaluation Review, 2007},
}

@inproceedings{mcp,
 author = {Chen, Li and Hu, Shuihai and Chen, Kai and Wu, Haitao and Tsang, Danny},
 title = {Towards Minimal-Delay Deadline-Driven Data Center TCP},
 booktitle = {HotNets 2013},
}

@inproceedings{pase,
 author = {Ali Munir and Ghufran Baig and Syed Muhammad Irteza and Ihsan Ayyub Qazi and Alex Liu and Fahad Dogar},
 title = {Friends, not Foes - Synthesizing Existing Transport Strategies for Data Center Networks},
 booktitle = {SIGCOMM 2014},
}

@inproceedings{dctcp,
 author = {Alizadeh, Mohammad and \etal},
 title = {Data center TCP (DCTCP)},
 booktitle = {SIGCOMM 2010},
}

@inproceedings{rto,
 author = {Vasudevan, Vijay and others},
 title = {Safe and effective fine-grained TCP retransmissions for datacenter communication},
 booktitle = {SIGCOMM 2009},
}

@inproceedings{measurement,
 author = {Phanishayee, Amar and Krevat, Elie and Vasudevan, Vijay and Andersen, David G. and Ganger, Gregory R. and Gibson, Garth A. and Seshan, Srinivasan},
 title = {Measurement and analysis of TCP throughput collapse in cluster-based storage systems},
 booktitle = {FAST 2008},
}

@inproceedings{understaning,
 author = {Chen, Yanpei and Griffith, Rean and Liu, Junda and Katz, Randy H. and Joseph, Anthony D.},
 title = {Understanding TCP incast throughput collapse in datacenter networks},
 booktitle = {WREN 2009},
}

@article{mapreduce,
  title={MapReduce: simplified data processing on large clusters},
  author={Dean, Jeffrey and Ghemawat, Sanjay},
  journal={Communications of the ACM},
  pages={107--113},
  year={2008},
}

@inproceedings{taming,
  title={Taming TCP Incast Throughput Collapse in Data Center Networks},
  author={Zhang, Jiao and Ren, Fengyuan and Tang, Li and Lin, Chuang},
  booktitle = {ICNP 2013},
}

@inproceedings{panasas,
 author = {Nagle, David and Serenyi, Denis and Matthews, Abbie},
 title = {The Panasas ActiveScale Storage Cluster: Delivering Scalable High Bandwidth Storage},
 booktitle = {Supercomputing 2004},
}

@inproceedings{tuning,
 author = {Wu, Haitao and Ju, Jiabo and Lu, Guohan and Guo, Chuanxiong and Xiong, Yongqiang and Zhang, Yongguang},
 title = {Tuning ECN for data center networks},
 booktitle = {CoNEXT 2012},
}

@inproceedings{eyeq,
 author = {Jeyakumar, Vimalkumar and Alizadeh, Mohammad and Mazieres, David and Prabhakar, Balaji and Kim, Changhoon and Greenberg, Albert},
 title = {EyeQ: practical network performance isolation at the edge},
 booktitle = {NSDI 2013},
}

@inproceedings{vl2,
 author = {Greenberg, Albert and Hamilton, James R. and Jain, Navendu and Kandula, Srikanth and Kim, Changhoon and Lahiri, Parantap and Maltz, David A. and Patel, Parveen and Sengupta, Sudipta},
 title = {VL2: a scalable and flexible data center network},
 booktitle = {SIGCOMM 2009},
}

@article{vegas,
 author = {Brakmo, L. S. and Peterson, L. L.},
 title = {TCP Vegas: end to end congestion avoidance on a global Internet},
 journal = {IEEE J.Sel. A. Commun.},
 issue_date = {September 2006},
 pages = {1465--1480},
}

@inproceedings{wfq,
 author = {Demers, A. and Keshav, S. and Shenker, S.},
 title = {Analysis and simulation of a fair queueing algorithm},
 booktitle = {SIGCOMM 1989},
}

@misc{ns2,
 title = {{The Network Simulator NS-2}},
 howpublished = "\url{http://www.isi.edu/nsnam/ns/}",
}

@misc{dctcp-ns2,
 title = {{DCTCP NS-2 Simulation}},
 howpublished = "\url{http://simula.stanford.edu/~alizade/Site/DCTCP_files/dctcp-ns2-rev1.0.tar.gz}",
}

@inproceedings{tcp,
 author = {Jacobson, V.},
 title = {Congestion avoidance and control},
 booktitle = {SIGCOMM 1988},
}

@inproceedings{memcache,
 author = {Nishtala, Rajesh and Fugal, Hans and Grimm, Steven and Kwiatkowski, Marc and Lee, Herman and Li, Harry C. and McElroy, Ryan and Paleczny, Mike and Peek, Daniel and Saab, Paul and Stafford, David and Tung, Tony and Venkataramani, Venkateshwaran},
 title = {Scaling Memcache at Facebook},
 booktitle = {NSDI 2013},
}

@article{RED,
 author = {Floyd, Sally and Jacobson, Van},
 title = {Random early detection gateways for congestion avoidance},
 journal = {IEEE/ACM Trans. Netw.},
 issue_date = {Aug. 1993},
 year = {1993},
 pages = {397--413},
}

@inproceedings{zhang2011modeling,
  title={Modeling and understanding TCP incast in data center networks},
  author={Zhang, Jiao and Ren, Fengyuan and Lin, Chuang},
  booktitle={INFOCOM 2011},
}

@article{dryad,
  title={Dryad: distributed data-parallel programs from sequential building blocks},
  author={Isard, Michael and Budiu, Mihai and Yu, Yuan and Birrell, Andrew and Fetterly, Dennis},
  journal={ACM SIGOPS Operating Systems Review},
  pages={59--72},
  year={2007},
}

@inproceedings{d3,
  title={Better never than late: Meeting deadlines in datacenter networks},
  author={Wilson, Christo and Ballani, Hitesh and Karagiannis, Thomas and Rowtron, Ant},
  booktitle={SIGCOMM 2011},
}

@inproceedings{cp,
 title = {Catch the Whole Lot in an Action: Rapid Precise Packet Loss Notification in Data Centers},
 author = {Peng Cheng, Fengyuan Ren, Ran Shu, Chuang Lin},
 booktitle = {NSDI 2014},
}

@misc{ecn,
  title={RFC 3168: The addition of explicit congestion notification (ECN) to IP},
  author={Ramakrishnan, Kadangode and Floyd, Sally and Black, David},
  year={2001},
}

@misc{dctcp-linux,
 title = {DCTCP in Linux kernel 3.18},
 howpublished = "\url{http://kernelnewbies.org/Linux_3.18}",
}

@article{cubic,
  title={CUBIC: a new TCP-friendly high-speed TCP variant},
  author={Ha, Sangtae and Rhee, Injong and Xu, Lisong},
  journal={ACM SIGOPS Operating Systems Review},
  year={2008},
}

@inproceedings{pfabric,
  title={pfabric: Minimal near-optimal datacenter transport},
  author={Alizadeh, Mohammad and Yang, Shuang and Sharif, Milad and Katti, Sachin and McKeown, Nick and Prabhakar, Balaji and Shenker, Scott},
  booktitle={SIGCOMM 2013},
}

@inproceedings{pdq,
  title={Finishing flows quickly with preemptive scheduling},
  author={Hong, Chi-Yao and Caesar, Matthew and Godfrey, P},
  booktitle={SIGCOMM 2012},
}

@inproceedings{d2tcp,
  title={Deadline-aware datacenter tcp (d2tcp)},
  author={Vamanan, Balajee and Hasan, Jahangir and Vijaykumar, TN},
  booktitle={SIGCOMM 2012},
}

@book{operating,
  title={Operating system concepts},
  author={Silberschatz, Abraham and Galvin, Peter B and Gagne, Greg and Silberschatz, A},
  year={1998},
}

@inproceedings{mlfq,
  title={An experimental time-sharing system},
  author={Corbat{\'o}, Fernando J and Merwin-Daggett, Marjorie and Daley, Robert C},
  booktitle={Proceedings of the May 1-3, 1962, spring joint computer conference},
  pages={335--344},
}

@inproceedings{drb,
  title={Per-packet load-balanced, low-latency routing for clos-based data center networks},
  author={Cao, Jiaxin and Xia, Rui and Yang, Pengkun and Guo, Chuanxiong and Lu, Guohan and Yuan, Lihua and Zheng, Yixin and Wu, Haitao and Xiong, Yongqiang and Maltz, Dave},
  booktitle={CoNEXT 2013},
}

@inproceedings{spraying,
  title={On the impact of packet spraying in data center networks},
  author={Dixit, Advait and Prakash, Pawan and Hu, Y Charlie and Kompella, Ramana Rao},
  booktitle={INFOCOM 2013},
}

@misc{ecmp,
  title={RFC 2992: Analysis of an Equal-Cost Multi-Path Algorithm},
  author={Hopps, C},
  year={2000}
}

@misc{netfilter,
  title={Linux netfilter},
  howpublished = "\url{http://www.netfilter.org}",
}

@article{tcptimestamp,
  title={RFC 1323: TCP extensions for high performance},
  author={Jacobson, Van and Braden, Robert and Borman, David},
  year={1992}
}

@misc{dctcp-kernel,
 title = {{DCTCP Patch}},
 howpublished = "\url{http://simula.stanford.edu/~alizade/Site/DCTCP.html}",
}

@article{adding,
  title={Adding Explicit Congestion Notification (ECN) Capability to TCP's SYN/ACK Packets},
  author={Kuzmanovic, A and Mondal, A and Floyd, S and Ramakrishnan, KK},
  journal={draft-ietf-tcpm-ecnsyn-03 (work in progress)},
  year={2007}
}

@inproceedings{hull,
  title={Less is more: trading a little bandwidth for ultra-low latency in the data center},
  author={Alizadeh, Mohammad and Kabbani, Abdul and Edsall, Tom and Prabhakar, Balaji and Vahdat, Amin and Yasuda, Masato},
  booktitle={NSDI 2012},
}

@inproceedings{las,
 author = {Rai, Idris A. and Urvoy-Keller, Guillaume and Vernon, Mary K. and Biersack, Ernst W.},
 title = {Performance Analysis of LAS-based Scheduling Disciplines in a Packet Switched Network},
 booktitle = {SIGMETRICS 2004},
 }

@inproceedings{l2dct,
  title={Minimizing flow completion times in data centers},
  author={Munir, Ali and Qazi, Ihsan A and Uzmi, Zartash A and Mushtaq, Aisha and Ismail, Saad N and Iqbal, M Safdar and Khan, Basma},
  booktitle={INFOCOM 2013},
}

@inproceedings{dcntraffic1,
  title={The nature of data center traffic: measurements \& analysis},
  author={Kandula, Srikanth and Sengupta, Sudipta and Greenberg, Albert and Patel, Parveen and Chaiken, Ronnie},
  booktitle={Proceedings of the 9th ACM SIGCOMM conference on Internet measurement conference},
  pages={202--208},
  year={2009},
  organization={ACM}
}

@article{dcntraffic2,
  title={Understanding data center traffic characteristics},
  author={Benson, Theophilus and Anand, Ashok and Akella, Aditya and Zhang, Ming},
  journal={ACM SIGCOMM Computer Communication Review},
  volume={40},
  number={1},
  pages={92--99},
  year={2010},
  publisher={ACM}
}

@book{varghese2010network,
  title={Network algorithmics},
  author={Varghese, George},
  year={2010},
  publisher={Chapman \& Hall/CRC}
}

@article{feng2003mixed,
  title={Mixed scheduling disciplines for network flows},
  author={Feng, Hanhua and Misra, Vishal},
  journal={ACM SIGMETRICS Performance Evaluation Review},
  volume={31},
  number={2},
  pages={36--39},
  year={2003},
  publisher={ACM}
}

@article{nonclair,
  title={Minimizing flow time nonclairvoyantly},
  author={Kalyanasundaram, Bala and Pruhs, Kirk R},
  journal={Journal of the ACM (JACM)},
  volume={50},
  number={4},
  pages={551--567},
  year={2003},
  publisher={ACM}
}

@article{initialwindow,
  title={Increasing TCPÃÂ¡ÃÂ¯s initial window},
  author={Allman, Mark and Floyd, Sally and Partridge, Craig},
  year={1998},
  publisher={RFC 2414}
}

@inproceedings{senic,
  title={SENIC: scalable NIC for end-host rate limiting},
  author={Radhakrishnan, Sivasankar and Geng, Yilong and Jeyakumar, Vimalkumar and Kabbani, Abdul and Porter, George and Vahdat, Amin},
  booktitle={NSDI 2014}
}

@Inproceedings {fnf,
author       = {Ali Munir and Ghufran Baig and Syed Irteza and Ihsan Qazi and Alex Liu and Fahad
                R. Dogar},
booktitle    = {SIGCOMM},
month        = {August},
publisher    = {ACM},
title        = {Friends, not Foes -- Synthesizing Existing Transport Strategies for Data Center
                Networks},
url          = {http://research.microsoft.com/apps/pubs/default.aspx?id=215430},
year         = {2014},
}

@article{kleinrock1976queueing,
  title={Queueing systems, volume II: computer applications},
  author={Kleinrock, Leonard},
  year={1976},
  publisher={Wiley Interscience}
}

@article{schaible2003fractional,
  title={Fractional programming: the sum-of-ratios case},
  author={Schaible, Siegfried and Shi, Jianming},
  journal={Optimization Methods and Software},
  volume={18},
  number={2},
  pages={219--229},
  year={2003},
  publisher={Taylor \& Francis}
}

@article{carlsson2013linear,
  title={A linear relaxation algorithm for solving the sum-of-linear-ratios problem with lower dimension},
  author={Carlsson, John Gunnar and Shi, Jianming},
  journal={Operations Research Letters},
  volume={41},
  number={4},
  pages={381--389},
  year={2013},
  publisher={Elsevier}
}

@inproceedings{netfpga,
  title={NetFPGA--An Open Platform for Gigabit-Rate Network Switching and Routing},
  author={Lockwood, John W and McKeown, Nick and Watson, Greg and Gibb, Glen and Hartke, Paul and Naous, Jad and Raghuraman, Ramanan and Luo, Jianying},
  booktitle={Microelectronic Systems Education, 2007. MSE'07. IEEE International Conference on},
  pages={160--161},
  year={2007},
  organization={IEEE}
}

@inproceedings{small,
 author = {Xu, Yunjing and Bailey, Michael and Noble, Brian and Jahanian, Farnam},
 title = {Small is Better: Avoiding Latency Traps in Virtualized Data Centers},
 booktitle = {SOCC 2013}
}

@inproceedings{fastpass,
  title={Fastpass: A Centralized "Zero-queue" Datacenter Network},
  author={Perry, Jonathan and Ousterhout, Amy and Balakrishnan, Hari and Shah, Deverat and Fugal, Hans},
  booktitle = {SIGCOMM 2014}
}

@inproceedings{repflow,
 author = {Xu, Hong, and Baochun Li},
 title = {RepFlow: Minimizing flow completion times with replicated flows in data centers},
 booktitle = {INFOCOM 2014}
}

@article{rfc2616,
  title={Hypertext transfer protocol--HTTP/1.1, 1999},
  author={Fielding, Roy and Gettys, James and Mogul, Jeffrey and Frystyk, Henrik and Masinter, Larry and Leach, Paul and Berners-Lee, Tim},
  journal={RFC2616},
  year={2006}
}

@misc{sqlserver,
 title = {{Microsoft SQL Server}},
 howpublished = "\url{http://www.microsoft.com/en-us/server-cloud/products/sql-server/}",
}

@misc{openstack,
 title = {{OpenStack}},
 howpublished = "\url{http://www.openstack.org/}",
}

@misc{openstackstorage,
 title = {{OpenStack Object Storage}},
 howpublished = "\url{http://docs.openstack.org/api/openstack-object-storage/1.0/content/chunked-transfer-encoding.html}",
}

@misc{restapi,
 title = {{REST API}},
 howpublished = "\url{http://www.restapitutorial.com/}",
}

@inproceedings{detail,
 author = {Zats, David and Das, Tathagata and Mohan, Prashanth and Borthakur, Dhruba and Katz, Randy},
 title = {DeTail: Reducing the Flow Completion Time Tail in Datacenter Networks},
 booktitle = {SIGCOMM 2012},
}

@misc{cisco,
 title = {{Cisco Nexus 5500 Series NX-OS Quality of Service Configuration Guide}},
 howpublished = "\url{http://www.cisco.com/c/en/us/td/docs/switches/datacenter/nexus5500/sw/qos/7x/b_5500_QoS_Config_7x.pdf}",
}

@inproceedings{silo,
 author = {Keon Jang and Justine Sherry and Hitesh Ballani and Toby Moncaster},
 title = {Silo: Predictable Message Latency in the Cloud},
 booktitle={SIGCOMM 2015},
}

@misc{storm,
 title = {{Apache Storm}},
 howpublished = "\url{https://storm.incubator.apache.org/}",
}

@inproceedings{rdd,
  title={Resilient distributed datasets: A fault-tolerant abstraction for in-memory cluster computing},
  author={Zaharia, Matei and Chowdhury, Mosharaf and Das, Tathagata and Dave, Ankur and Ma, Justin and McCauley, Murphy and Franklin, Michael J and Shenker, Scott and Stoica, Ion},
  booktitle={NSDI 2012},
}


@misc{memcached,
 title = {{Memcached}},
 howpublished = "\url{http://memcached.org/}",
}

@inproceedings{traffic,
 title={Network Traffic Characteristics of Data Centers in the Wild},
 author={Benson, Theophilus and Akella, Aditya and Maltz, David A.},
 booktitle = {IMC 2010},
}

@inproceedings{hadoopwatch,
  title={HadoopWatch: A First Step Towards Comprehensive Traffic Forecasting in Cloud Computing},
  author={Peng, Yang and Chen, Kai and Wang, Guohui and Bai, Wei and Ma, Zhiqiang and Gu, Lin},
  booktitle = {INFOCOM 2014},
}

@inproceedings{ Varys,
 author = {Chowdhury, Mosharaf and Zhong, Yuan and Stoica, Ion},
 title = {Efficient Coflow Scheduling with Varys},
 booktitle = {SIGCOMM 2014},
}

@article{rcp,
  title={Why flow-completion time is the right metric for congestion control},
  author={Dukkipati, Nandita and McKeown, Nick},
  journal={ACM SIGCOMM Computer Communication Review},
  year={2006},
}

@misc{hadoop,
 title = {{Hadoop}},
 howpublished = "\url{http://hadoop.apache.org/}",
}

@misc{spark,
 title = {{Spark}},
 howpublished = "\url{https://spark.apache.org/}",
}

@misc{snmp,
  title={A simple network management protocol (SNMP)},
  author={Case, Jeffery and Fedor, Mark and Schoffstall, Martin and Davin, C},
  year={1989},
  publisher={Network Information Center, SRI International}
}

@misc{netflow,
 title = {{NetFlow}},
 howpublished = "\url{http://www.cisco.com/c/en/us/products/ios-nx-os-software/ios-netflow/index.html}",
}

@misc{socketcall,
 howpublished = "\url{http://datatracker.ietf.org/wg/syslog/charter/}",
}

@misc{tcplevel,
 howpublished = "\url{http://www.web100.org}",
}

@inproceedings{profiling,
  title={Profiling Network Performance for Multi-tier Data Center Applications.},
  author={Yu, Minlan and Greenberg, Albert G and Maltz, David A and Rexford, Jennifer and Yuan, Lihua and Kandula, Srikanth and Kim, Changhoon},
  booktitle={NSDI 2011},
}

@misc{pica8,
 howpublished = "\url{http://www.pica8.com/documents/pica8-datasheet-64x10gbe-p3922-p3930.pdf}",
}

@inproceedings{benson2010network,
  title={Network traffic characteristics of data centers in the wild},
  author={Benson, Theophilus and Akella, Aditya and Maltz, David A},
  booktitle={Proceedings of the 10th ACM SIGCOMM conference on Internet measurement},
  pages={267--280},
  year={2010},
  organization={ACM}
}

@inproceedings{kandula2009nature,
  title={The nature of data center traffic: measurements \& analysis},
  author={Kandula, Srikanth and Sengupta, Sudipta and Greenberg, Albert and Patel, Parveen and Chaiken, Ronnie},
  booktitle={Proceedings of the 9th ACM SIGCOMM conference on Internet measurement conference},
  pages={202--208},
  year={2009},
  organization={ACM}
}

@article{benson2010understanding,
  title={Understanding data center traffic characteristics},
  author={Benson, Theophilus and Anand, Ashok and Akella, Aditya and Zhang, Ming},
  journal={ACM SIGCOMM Computer Communication Review},
  volume={40},
  number={1},
  pages={92--99},
  year={2010},
  publisher={ACM}
}

@article{dukkipati2006flow,
  title={Why flow-completion time is the right metric for congestion control},
  author={Dukkipati, Nandita and McKeown, Nick},
  journal={ACM SIGCOMM Computer Communication Review},
  volume={36},
  number={1},
  pages={59--62},
  year={2006},
  publisher={ACM}
}

@misc{pias-tr,
  author  = {Bai, Wei and Chen, Li and Chen, Kai and Han, Dongsu and Tian, Chen and Wang, Hao},
  title   = {Practical Information-Agnostic Flow Scheduling in Data Center
              Networks (Technial Report)},
  howpublished = "\url{http://goo.gl/pfWBxI}",
}
